@misc{bickerton_2021_honours,
  author = {Bickerton, Robert T.},
  month = {01},
  publisher = {The University of Edinburgh},
  title = {Honours Complex Variables},
  urldate = {2021-01-19},
  year = {2021}
}