%% LaTeX2e file `main的副本.bib'
%% generated by the `filecontents' environment
%% from source `main的副本' on 2022/02/13.
%%
@misc{A01,
  author = {Author, A.},
  year = {2001},
  title = {Alpha},
}
