@misc{1,
  author = {Gratwick, Richard},
  annote = {Accessed February 13th, 2022.},
  month = {02},
  title = {Honours Complex Variables},
  year = {2022}
}